@ARTICLE{2010Sci...327..977B,
   author = {{Borucki}, W.~J. and {Koch}, D. and {Basri}, G. and {Batalha}, N. and 
	{Brown}, T. and {Caldwell}, D. and {Caldwell}, J. and {Christensen-Dalsgaard}, J. and 
	{Cochran}, W.~D. and {DeVore}, E. and {Dunham}, E.~W. and {Dupree}, A.~K. and 
	{Gautier}, T.~N. and {Geary}, J.~C. and {Gilliland}, R. and 
	{Gould}, A. and {Howell}, S.~B. and {Jenkins}, J.~M. and {Kondo}, Y. and 
	{Latham}, D.~W. and {Marcy}, G.~W. and {Meibom}, S. and {Kjeldsen}, H. and 
	{Lissauer}, J.~J. and {Monet}, D.~G. and {Morrison}, D. and 
	{Sasselov}, D. and {Tarter}, J. and {Boss}, A. and {Brownlee}, D. and 
	{Owen}, T. and {Buzasi}, D. and {Charbonneau}, D. and {Doyle}, L. and 
	{Fortney}, J. and {Ford}, E.~B. and {Holman}, M.~J. and {Seager}, S. and 
	{Steffen}, J.~H. and {Welsh}, W.~F. and {Rowe}, J. and {Anderson}, H. and 
	{Buchhave}, L. and {Ciardi}, D. and {Walkowicz}, L. and {Sherry}, W. and 
	{Horch}, E. and {Isaacson}, H. and {Everett}, M.~E. and {Fischer}, D. and 
	{Torres}, G. and {Johnson}, J.~A. and {Endl}, M. and {MacQueen}, P. and 
	{Bryson}, S.~T. and {Dotson}, J. and {Haas}, M. and {Kolodziejczak}, J. and 
	{Van Cleve}, J. and {Chandrasekaran}, H. and {Twicken}, J.~D. and 
	{Quintana}, E.~V. and {Clarke}, B.~D. and {Allen}, C. and {Li}, J. and 
	{Wu}, H. and {Tenenbaum}, P. and {Verner}, E. and {Bruhweiler}, F. and 
	{Barnes}, J. and {Prsa}, A.},
    title = "{Kepler Planet-Detection Mission: Introduction and First Results}",
  journal = {Science},
     year = 2010,
    month = feb,
   volume = 327,
    pages = {977-},
      doi = {10.1126/science.1185402},
   adsurl = {http://adsabs.harvard.edu/abs/2010Sci...327..977B},
  adsnote = {Provided by the SAO/NASA Astrophysics Data System}
}

@ARTICLE{2011ApJ...736...19B,
   author = {{Borucki}, W.~J. and {Koch}, D.~G. and {Basri}, G. and {Batalha}, N. and 
	{Brown}, T.~M. and {Bryson}, S.~T. and {Caldwell}, D. and {Christensen-Dalsgaard}, J. and 
	{Cochran}, W.~D. and {DeVore}, E. and {Dunham}, E.~W. and {Gautier}, III, T.~N. and 
	{Geary}, J.~C. and {Gilliland}, R. and {Gould}, A. and {Howell}, S.~B. and 
	{Jenkins}, J.~M. and {Latham}, D.~W. and {Lissauer}, J.~J. and 
	{Marcy}, G.~W. and {Rowe}, J. and {Sasselov}, D. and {Boss}, A. and 
	{Charbonneau}, D. and {Ciardi}, D. and {Doyle}, L. and {Dupree}, A.~K. and 
	{Ford}, E.~B. and {Fortney}, J. and {Holman}, M.~J. and {Seager}, S. and 
	{Steffen}, J.~H. and {Tarter}, J. and {Welsh}, W.~F. and {Allen}, C. and 
	{Buchhave}, L.~A. and {Christiansen}, J.~L. and {Clarke}, B.~D. and 
	{Das}, S. and {D{\'e}sert}, J.-M. and {Endl}, M. and {Fabrycky}, D. and 
	{Fressin}, F. and {Haas}, M. and {Horch}, E. and {Howard}, A. and 
	{Isaacson}, H. and {Kjeldsen}, H. and {Kolodziejczak}, J. and 
	{Kulesa}, C. and {Li}, J. and {Lucas}, P.~W. and {Machalek}, P. and 
	{McCarthy}, D. and {MacQueen}, P. and {Meibom}, S. and {Miquel}, T. and 
	{Prsa}, A. and {Quinn}, S.~N. and {Quintana}, E.~V. and {Ragozzine}, D. and 
	{Sherry}, W. and {Shporer}, A. and {Tenenbaum}, P. and {Torres}, G. and 
	{Twicken}, J.~D. and {Van Cleve}, J. and {Walkowicz}, L. and 
	{Witteborn}, F.~C. and {Still}, M.},
    title = "{Characteristics of Planetary Candidates Observed by Kepler. II. Analysis of the First Four Months of Data}",
  journal = {\apj},
   eprint = {arXiv:1102.0541},
 primaryClass = "astro-ph.EP",
 keywords = {planetary systems, stars: statistics, planets and satellites: detection, surveys},
     year = 2011,
    month = jul,
   volume = 736,
      eid = {19},
    pages = {19},
      doi = {10.1088/0004-637X/736/1/19},
   adsurl = {http://adsabs.harvard.edu/abs/2011ApJ...736...19B},
  adsnote = {Provided by the SAO/NASA Astrophysics Data System}
}

@ARTICLE{2011ApJ...738...81W,
   author = {{Wittenmyer}, R.~A. and {Tinney}, C.~G. and {Butler}, R.~P. and 
	{O'Toole}, S.~J. and {Jones}, H.~R.~A. and {Carter}, B.~D. and 
	{Bailey}, J. and {Horner}, J.},
    title = "{The Frequency of Low-mass Exoplanets. III. Toward {$\eta$}$_{\oplus}$ at Short Periods}",
  journal = {\apj},
   eprint = {arXiv:1103.4186},
 primaryClass = "astro-ph.EP",
 keywords = {planetary systems, techniques: radial velocities},
     year = 2011,
    month = sep,
   volume = 738,
      eid = {81},
    pages = {81},
      doi = {10.1088/0004-637X/738/1/81},
   adsurl = {http://adsabs.harvard.edu/abs/2011ApJ...738...81W},
  adsnote = {Provided by the SAO/NASA Astrophysics Data System}
}

@ARTICLE{2011ApJ...738..151C,
   author = {{Catanzarite}, J. and {Shao}, M.},
    title = "{The Occurrence Rate of Earth Analog Planets Orbiting Sun-like Stars}",
  journal = {\apj},
   eprint = {arXiv:1103.1443},
 primaryClass = "astro-ph.EP",
 keywords = {methods: data analysis, methods: statistical, planets and satellites: fundamental parameters, planetary systems, stars: solar-type, techniques: photometric},
     year = 2011,
    month = sep,
   volume = 738,
      eid = {151},
    pages = {151},
      doi = {10.1088/0004-637X/738/2/151},
   adsurl = {http://adsabs.harvard.edu/abs/2011ApJ...738..151C},
  adsnote = {Provided by the SAO/NASA Astrophysics Data System}
}

@ARTICLE{2012ApJ...745...20T,
   author = {{Traub}, W.~A.},
    title = "{Terrestrial, Habitable-zone Exoplanet Frequency from Kepler}",
  journal = {\apj},
   eprint = {arXiv:1109.4682},
 primaryClass = "astro-ph.EP",
 keywords = {astronomical databases: miscellaneous, planets and satellites: detection, stars: statistics},
     year = 2012,
    month = jan,
   volume = 745,
      eid = {20},
    pages = {20},
      doi = {10.1088/0004-637X/745/1/20},
   adsurl = {http://adsabs.harvard.edu/abs/2012ApJ...745...20T},
  adsnote = {Provided by the SAO/NASA Astrophysics Data System}
}

@ARTICLE{2013ApJ...766...81F,
   author = {{Fressin}, F. and {Torres}, G. and {Charbonneau}, D. and {Bryson}, S.~T. and 
	{Christiansen}, J. and {Dressing}, C.~D. and {Jenkins}, J.~M. and 
	{Walkowicz}, L.~M. and {Batalha}, N.~M.},
    title = "{The False Positive Rate of Kepler and the Occurrence of Planets}",
  journal = {\apj},
   eprint = {arXiv:1301.0842},
 primaryClass = "astro-ph.EP",
 keywords = {binaries: eclipsing, methods: data analysis, methods: statistical, planetary systems },
     year = 2013,
    month = apr,
   volume = 766,
      eid = {81},
    pages = {81},
      doi = {10.1088/0004-637X/766/2/81},
   adsurl = {http://adsabs.harvard.edu/abs/2013ApJ...766...81F},
  adsnote = {Provided by the SAO/NASA Astrophysics Data System}
}

@ARTICLE{2013ApJ...778...53D,
   author = {{Dong}, S. and {Zhu}, Z.},
    title = "{Fast Rise of ''Neptune-size'' Planets (4-8 R $_{\oplus}$) from P \~{} 10 to \~{}250 Days---Statistics of Kepler Planet Candidates up to \~{}0.75 AU}",
  journal = {\apj},
   eprint = {arXiv:1212.4853},
 primaryClass = "astro-ph.EP",
 keywords = {planetary systems, stars: statistics, techniques: photometric},
     year = 2013,
    month = nov,
   volume = 778,
      eid = {53},
    pages = {53},
      doi = {10.1088/0004-637X/778/1/53},
   adsurl = {http://adsabs.harvard.edu/abs/2013ApJ...778...53D},
  adsnote = {Provided by the SAO/NASA Astrophysics Data System}
}

@ARTICLE{2013ApJS..204...24B,
   author = {{Batalha}, N.~M. and {Rowe}, J.~F. and {Bryson}, S.~T. and {Barclay}, T. and 
	{Burke}, C.~J. and {Caldwell}, D.~A. and {Christiansen}, J.~L. and 
	{Mullally}, F. and {Thompson}, S.~E. and {Brown}, T.~M. and 
	{Dupree}, A.~K. and {Fabrycky}, D.~C. and {Ford}, E.~B. and 
	{Fortney}, J.~J. and {Gilliland}, R.~L. and {Isaacson}, H. and 
	{Latham}, D.~W. and {Marcy}, G.~W. and {Quinn}, S.~N. and {Ragozzine}, D. and 
	{Shporer}, A. and {Borucki}, W.~J. and {Ciardi}, D.~R. and {Gautier}, III, T.~N. and 
	{Haas}, M.~R. and {Jenkins}, J.~M. and {Koch}, D.~G. and {Lissauer}, J.~J. and 
	{Rapin}, W. and {Basri}, G.~S. and {Boss}, A.~P. and {Buchhave}, L.~A. and 
	{Carter}, J.~A. and {Charbonneau}, D. and {Christensen-Dalsgaard}, J. and 
	{Clarke}, B.~D. and {Cochran}, W.~D. and {Demory}, B.-O. and 
	{Desert}, J.-M. and {Devore}, E. and {Doyle}, L.~R. and {Esquerdo}, G.~A. and 
	{Everett}, M. and {Fressin}, F. and {Geary}, J.~C. and {Girouard}, F.~R. and 
	{Gould}, A. and {Hall}, J.~R. and {Holman}, M.~J. and {Howard}, A.~W. and 
	{Howell}, S.~B. and {Ibrahim}, K.~A. and {Kinemuchi}, K. and 
	{Kjeldsen}, H. and {Klaus}, T.~C. and {Li}, J. and {Lucas}, P.~W. and 
	{Meibom}, S. and {Morris}, R.~L. and {Pr{\v s}a}, A. and {Quintana}, E. and 
	{Sanderfer}, D.~T. and {Sasselov}, D. and {Seader}, S.~E. and 
	{Smith}, J.~C. and {Steffen}, J.~H. and {Still}, M. and {Stumpe}, M.~C. and 
	{Tarter}, J.~C. and {Tenenbaum}, P. and {Torres}, G. and {Twicken}, J.~D. and 
	{Uddin}, K. and {Van Cleve}, J. and {Walkowicz}, L. and {Welsh}, W.~F.
	},
    title = "{Planetary Candidates Observed by Kepler. III. Analysis of the First 16 Months of Data}",
  journal = {\apjs},
   eprint = {arXiv:1202.5852},
 primaryClass = "astro-ph.EP",
 keywords = {catalogs, eclipses, planetary systems, space vehicles, techniques: photometric },
     year = 2013,
    month = feb,
   volume = 204,
      eid = {24},
    pages = {24},
      doi = {10.1088/0067-0049/204/2/24},
   adsurl = {http://adsabs.harvard.edu/abs/2013ApJS..204...24B},
  adsnote = {Provided by the SAO/NASA Astrophysics Data System}
}

@ARTICLE{2013PNAS..11019273P,
   author = {{Petigura}, E.~A. and {Howard}, A.~W. and {Marcy}, G.~W.},
    title = "{Prevalence of Earth-size planets orbiting Sun-like stars}",
  journal = {Proceedings of the National Academy of Science},
   eprint = {arXiv:1311.6806},
 primaryClass = "astro-ph.EP",
 keywords = {extrasolar planets, astrobiology  },
     year = 2013,
    month = nov,
   volume = 110,
    pages = {19273-19278},
   adsurl = {http://adsabs.harvard.edu/abs/2013PNAS..11019273P},
  adsnote = {Provided by the SAO/NASA Astrophysics Data System}
}